<record><leader>00000cas a22000007a 4500</leader><controlfield tag="001">13776900</controlfield><controlfield tag="008">860625d19101934mtuwr ne      0    0eng d</controlfield><datafield ind1=" " ind2=" " tag="010"><subfield code="a">sn 86075234 </subfield></datafield><datafield ind1=" " ind2=" " tag="040"><subfield code="a">MTL</subfield><subfield code="b">eng</subfield><subfield code="c">MTL</subfield><subfield code="d">OCLCQ</subfield></datafield><datafield ind1=" " ind2=" " tag="042"><subfield code="a">msc</subfield></datafield><datafield ind1="0" ind2="0" tag="245"><subfield code="a">Ryegate weekly reporter.</subfield></datafield><datafield ind1=" " ind2=" " tag="260"><subfield code="a">Ryegate, Mont. :</subfield><subfield code="b">C.H. Allen,</subfield><subfield code="c">-1934.</subfield></datafield><datafield ind1=" " ind2=" " tag="300"><subfield code="a">24 v. :</subfield><subfield code="b">ill. ;</subfield><subfield code="c">56 cm.</subfield></datafield><datafield ind1=" " ind2=" " tag="310"><subfield code="a">Weekly</subfield></datafield><datafield ind1="0" ind2=" " tag="362"><subfield code="a">-v. 24, no. 6 (Apr. 26, 1934).</subfield></datafield><datafield ind1="1" ind2=" " tag="362"><subfield code="a">Began Aug. 24?, 1910</subfield><subfield code="z">Cf. Gregory, W. Amer. newsp., 1821-1936.</subfield></datafield><datafield ind1=" " ind2=" " tag="588"><subfield code="a">Description based on: Vol. 1, no. 13 (June 15, 1911).</subfield></datafield><datafield ind1=" " ind2=" " tag="752"><subfield code="a">United States</subfield><subfield code="b">Montana</subfield><subfield code="c">Golden Valley</subfield><subfield code="d">Ryegate.</subfield></datafield><datafield ind1="0" ind2="0" tag="785"><subfield code="t">Eastern Montana clarion</subfield><subfield code="w">(DLC)sn 86075235</subfield></datafield><datafield ind1="1" ind2=" " tag="029"><subfield code="a">AU@</subfield><subfield code="b">000023411144</subfield></datafield></record>